@book{dirac1981principles,
  title={The principles of quantum mechanics},
  author={Dirac, Paul Adrien Maurice},
  number={27},
  year={1981},
  publisher={Oxford university press}
}


@incollection{einstein1922general,
  title={The general theory of relativity},
  author={Einstein, Albert},
  booktitle={The Meaning of Relativity},
  pages={54--75},
  year={1922},
  publisher={Springer}
}

