@incollection{einstein1922general,
  title={The general theory of relativity},
  author={Einstein, Albert},
  booktitle={The Meaning of Relativity},
  pages={54--75},
  year={1922},
  publisher={Springer}
}

@phdthesis{einstein1905neue,
  title={Eine neue bestimmung der molek{\"u}ldimensionen},
  author={Einstein, Albert},
  year={1905},
  school={ETH Zurich}
}
